<record><leader>00000cas a22000007i 4500</leader><controlfield tag="001">31505141</controlfield><controlfield tag="008">941123d18601861vauwr ne      0    0eng d</controlfield><datafield ind1=" " ind2=" " tag="010"><subfield code="a">sn 94060166 </subfield></datafield><datafield ind1=" " ind2=" " tag="040"><subfield code="a">NVK</subfield><subfield code="b">eng</subfield><subfield code="e">rda</subfield><subfield code="c">NVK</subfield><subfield code="d">OCL</subfield><subfield code="d">NVK</subfield><subfield code="d">OCLCQ</subfield><subfield code="d">OCLCF</subfield><subfield code="d">OCLCO</subfield><subfield code="d">NDD</subfield></datafield><datafield ind1=" " ind2=" " tag="042"><subfield code="a">msc</subfield></datafield><datafield ind1=" " ind2=" " tag="043"><subfield code="a">n-us-va</subfield></datafield><datafield ind1="0" ind2=" " tag="130"><subfield code="a">Review (Charlottesville, Va.)</subfield></datafield><datafield ind1="1" ind2="4" tag="245"><subfield code="a">The Review.</subfield></datafield><datafield ind1="1" ind2=" " tag="246"><subfield code="a">Charlottesville Review</subfield></datafield><datafield ind1=" " ind2="1" tag="264"><subfield code="a">Charlottesville, Va. :</subfield><subfield code="b">Green Peyton &amp; J.C. Southall</subfield></datafield><datafield ind1=" " ind2=" " tag="300"><subfield code="a">volumes</subfield></datafield><datafield ind1=" " ind2=" " tag="310"><subfield code="a">Weekly</subfield></datafield><datafield ind1=" " ind2=" " tag="336"><subfield code="a">text</subfield><subfield code="b">txt</subfield><subfield code="2">rdacontent</subfield></datafield><datafield ind1=" " ind2=" " tag="337"><subfield code="a">unmediated</subfield><subfield code="b">n</subfield><subfield code="2">rdamedia</subfield></datafield><datafield ind1=" " ind2=" " tag="338"><subfield code="a">volume</subfield><subfield code="b">nc</subfield><subfield code="2">rdacarrier</subfield></datafield><datafield ind1="1" ind2=" " tag="362"><subfield code="a">Began in 1860; ceased in 1861.</subfield><subfield code="z">Cf. Cappon, L.J. Va. Newspapers.</subfield></datafield><datafield ind1=" " ind2=" " tag="588"><subfield code="a">Description based on: Vol. 1, no. 2 (April 20, 1860).</subfield></datafield><datafield ind1=" " ind2="0" tag="651"><subfield code="a">Charlottesville (Va.)</subfield><subfield code="v">Newspapers.</subfield></datafield><datafield ind1=" " ind2="7" tag="651"><subfield code="a">Virginia</subfield><subfield code="z">Charlottesville.</subfield><subfield code="2">fast</subfield><subfield code="0">(OCoLC)fst01204493</subfield></datafield><datafield ind1=" " ind2="7" tag="655"><subfield code="a">Newspapers.</subfield><subfield code="2">fast</subfield><subfield code="0">(OCoLC)fst01423814</subfield></datafield><datafield ind1="1" ind2=" " tag="700"><subfield code="a">Peyton, G.</subfield><subfield code="q">(Green Peyton),</subfield><subfield code="e">publisher.</subfield></datafield><datafield ind1="1" ind2=" " tag="700"><subfield code="a">Southall, James C.</subfield><subfield code="q">(James Cocke),</subfield><subfield code="d">1827-1897,</subfield><subfield code="e">publisher.</subfield></datafield><datafield ind1=" " ind2=" " tag="752"><subfield code="a">United States</subfield><subfield code="b">Virginia</subfield><subfield code="d">Charlottesville.</subfield></datafield></record>